%% LaTeX2e file `report.bib'
%% generated by the `filecontents' environment
%% from source `report' on 2023/03/20.
%%
